@article{Covertetal2001,
   author = {Covert, M. W. and Schilling, C. H. and Famili, I. and Edwards, J. S. and Goryanin, II and Selkov, E. and Palsson, B. {\O}.},
   title = {Metabolic modeling of microbial strains in silico},
   journal = {Trends Biochem Sci},
   volume = {26},
   pages = {179--186},
   year = {2001}
}

@article{Covertetal2008,
   author = {Covert, M. W. and Xiao, N. and Chen, T. J. and Karr, J. R.},
   title = {Integrating metabolic, transcriptional regulatory and signal transduction models in \emph{Escherichia coli}},
   journal = {Bioinformatics},
   volume = {24},
   pages = {2044-50},
   year = {2008}
}
@article{Oliveiraetal2012,
   author = {Oliveira, A. P. and Ludwig, C. and Picotti, P. and Kogadeeva, M. and Aebersold, R. and Sauer, U.},
   title = {Regulation of yeast central metabolism by enzyme phosphorylation},
   journal = {Mol Syst Biol},
   volume = {8},
   pages = {623},
   year = {2012}
}

@article{Barricketal2009,
   author = {Barrick, J. E. and Yu, D. S. and Yoon, S. H. and Jeong, H. and Oh, T. K. and Schneider, D. and Lenski, R. E. and Kim, J. F.},
   title = {Genome evolution and adaptation in a long-term experiment with Escherichia coli},
   journal = {Nature},
   volume = {461},
   pages = {1243--1247},
   year = {2009}
}

@article{OuzounisKarp2000,
   author = {Ouzounis, C. A. and Karp, P. D.},
   title = {Global properties of the metabolic map of \emph{Escherichia coli}},
   journal = {Genome Res},
   volume = {10},
   pages = {568--576},
   year = {2000}
}

